@report{brzezinski2017,
author={Brzezi\'{n}ski, M.},
title={Is high inequality an issue in Poland?},
institution={Instytut Bada\'{n} Strukturalnych},
year={2017},
type={Policy Paper},
number={1/2017}}

@article{gajewski2015labour,
  title={Labour Market Measures in Poland 2008-13: The Crisis and Beyond},
  author={Gajewski, Pawel},
  journal={Geneva: ILO},
  year={2015}
}

@online{pwc,
author = {PwC},
title = {Poland: Individual - Taxes on personal income},
year = {2018},
url = {http://taxsummaries.pwc.com/ID/Poland-Individual-Taxes-on-personal-income},
OPTsubtitle = {•},
OPTtitleaddon = {•},
OPTlanguage = {•},
OPTversion = {•},
OPTnote = {•},
OPTorganization = {•},
OPTdate = {•},
OPTmonth = {•},
OPTaddendum = {•},
OPTpubstate = {•},
OPTurldate = {•},
}



@article{gomulka2016poland,
  title={Poland's economic and social transformation 1989--2014 and contemporary challenges},
  author={Gomu{\l}ka, Stanis{\l}aw},
  journal={Central Bank Review},
  volume={16},
  number={1},
  pages={19--23},
  year={2016},
  publisher={Elsevier}
}


@article{dustmann2015effect,
  title={The effect of emigration from Poland on Polish wages},
  author={Dustmann, Christian and Frattini, Tommaso and Rosso, Anna},
  journal={The Scandinavian Journal of Economics},
  volume={117},
  number={2},
  pages={522--564},
  year={2015},
  publisher={Wiley Online Library}
}



@article{lewandowski2018labor,
  title={The labor market in Poland, 2000- 2016},
  author={Lewandowski, Piotr Magda and others},
  journal={IZA World of Labor},
  year={2018}
}


@online{eurostat2,
author = {Eurostat},
title = {EU statistics on income and living conditions (EU-SILC) methodology - private households},
year = {2018},
url = {https://ec.europa.eu/eurostat/statistics-explained/index.php/EU_statistics_on_income_and_living_conditions_(EU-SILC)_methodology_-_private_households#Reference_period},
OPTsubtitle = {•},
OPTtitleaddon = {•},
OPTlanguage = {•},
OPTversion = {•},
OPTnote = {•},
OPTorganization = {•},
OPTdate = {•},
OPTmonth = {•},
OPTaddendum = {•},
OPTpubstate = {•},
OPTurldate = {•},
}

@Misc{eurostat_cpi,
    title = {eurostat R package},
    author = {Leo Lahti and Janne Huovari and Markus Kainu and
      Przemyslaw Biecek},
    journal = {R Journal},
    volume = {9},
    number = {1},
    pages = {385-392},
    year = {2017},
    url =
      {https://journal.r-project.org/archive/2017/RJ-2017-019/index.html},
    note = {Version 3.3.1},
  }

@TechReport{widworld1,
author = {Chancel, L. and Gethin, A.},
title = {Building a global income distribution brick by brick},
institution = {Wealth and Income Database},
year = {2017},
OPTkey = {•},
OPTtype = {•},
OPTnumber = {•},
OPTaddress = {•},
OPTmonth = {•},
OPTnote = {•},
OPTannote = {•}
}


@online{eurostat1,
author = {Eurostat},
title = {Glossary:Equivalised disposable income},
year = {2018},
url = {https://ec.europa.eu/eurostat/statistics-explained/index.php?title=Glossary:Equivalised_disposable_income},
OPTsubtitle = {•},
OPTtitleaddon = {•},
OPTlanguage = {•},
OPTversion = {•},
OPTnote = {•},
OPTorganization = {•},
OPTdate = {•},
OPTmonth = {•},
OPTaddendum = {•},
OPTpubstate = {•},
OPTurldate = {•},
}

@online{canberra,
author = {OECD},
title = {Glossary of Statisitcal Terms},
year = {2013},
url = {https://stats.oecd.org/glossary/detail.asp?ID=254},
OPTsubtitle = {•},
OPTtitleaddon = {•},
OPTlanguage = {•},
OPTversion = {•},
OPTnote = {•},
OPTorganization = {•},
OPTdate = {•},
OPTmonth = {•},
OPTaddendum = {•},
OPTpubstate = {•},
OPTurldate = {•},
}


@report{magda2018,
author={Magda, I. and Kie\l{}czewska, A. and Brandt, N.},
title={The "Family 500+" child allowance and female labour supply in Poland},
institution={Instytut Bada\'{n} Strukturalnych},
year={2018},
type={Policy Paper},
number={1/2018}}

@article{houle2009, 
title={Inequality and Democracy: Why Inequality Harms Consolidation but Does Not Affect Democratization}, 
volume={61}, 
DOI={10.1017/S0043887109990074}, 
number={4}, 
journal={World Politics}, 
publisher={Cambridge University Press}, 
author={Houle, Christian}, 
year={2009}, pages={589–622}}

@report{strzelecki2016,
author={Strzelecki, P. and Wyszy\'{n}ski, R.},
title={Poland's labour market adjustment in times of economic slowdown - WDN3 survey results},
institution={Narodowy Bank Polski},
year={2016},
type={Woking Paper},
number={233}}

@article{Gestwicki2016,
issn = {1898-0198},
journal = {Folia Oeconomica Stetinensia},
pages = {50--62},
volume = {16},
publisher = {Sciendo},
number = {1},
year = {2016},
title = {Assessment of the Degree of the Divergence and Inequality of Household Income Distribution in Poland in the Years 2005–2013},
language = {eng},
author = {Gęstwicki, F. and Wędrowska, E.},
keywords = {Household Income ; Income Inequality ; Income Distribution ; Divergence ; Csiszár’s Divergence Measures ; C10 ; D14 ; D31 ; D33 ; D63 ; Finance ; Hg1-9999 ; Economic Theory. Demography ; Hb1-3840 ; Economics},
}

@article{mrozowicki2013,
author = {Adam Mrozowicki and Triin Roosalu and Tatiana Bajuk Senčar},
title ={Precarious work in the retail sector in Estonia, Poland and Slovenia: trade union responses in a time of economic crisis},
journal = {Transfer: European Review of Labour and Research},
volume = {19},
number = {2},
pages = {267-278},
year = {2013},
doi = {10.1177/1024258913480601},
URL = {https://doi.org/10.1177/1024258913480601},
eprint = {https://doi.org/10.1177/1024258913480601}}

@report{ruzik2010gender,
  title={The gender pay gap in informal employment in Poland},
  author={Ruzik, Anna and Rokicka, Magdalena},
  institution={Center for Social and Economic Research},
  year={2010}
}


@article{Muszynska2018,
issn = {1898-0198},
journal = {Folia Oeconomica Stetinensia},
pages = {108--122},
volume = {18},
publisher = {Sciendo},
number = {1},
year = {2018},
title = {Income Inequality in Poland and the United Kingdom. Decomposition of the Theil Index},
language = {eng},
author = {Muszyńska, J. and Oczki, J. and Wędrowska, E.},
keywords = {Household Income ; Income Inequality ; Theil Index ; Decomposition ; Eu-Silc ; Finance ; Hg1-9999 ; Economic Theory. Demography ; Hb1-3840 ; Economics},
url = {https://doaj.org/article/9c2b85461c8b48048307a05d2fad7959},
}

@article{mozdzierz2015,
author={Mo\.{z}dzierz, A.},
title={Tax Policy and Income Inequality
in the Visegrad Countries},
journal={Naše gospodarstvo/Our
Economy},
year={2015},
number={61(6)},
pages={12-18}}

@article{jedrzejczak2008,
author={J\k{e}dzejczak, A.},
title={Decomposition of the Gini Index by Sources of Income},
journal={International Advances in Economic Research},
year={2008},
number={14(4)},
pages={441-447}}

@article{jedrzejczak2012,
author={J\k{e}dzejczak, A.},
title={Estimation of Concentration Measures and Their
Standard Errors for Income Distributions in Poland},
journal={International Advances in Economic Research},
year={2012},
number={18(3)},
pages={287-297}}

@article{kosny2013,
author={Ko\'{s}ny, M.},
title={Economic activity, saving, credit and income polarisation in Poland},
journal={Post-Communist Economies},
year={2013},
number={25(4)},
pages={512-528}}

@article{poland,
title={Populism and Protest in Poland},
author={Fomina, J. and Kucharczyk, J.},
  journal={Journal of Democracy},
  volume={27},
  number={4},
  pages={58--68},
  year={2016},
  publisher={John Hopkins University Press}}

@incollection{letki2014rise,
  author      = {Letki, N. and Brzeziński, M., and Jancewicz, B.},
  crossref    = {nolan2014changing},
  title       = {The rise of inequalities in Poland and their impacts: When politicians don’t care but citizens do},
  editor      = {Nolan, Brian and Salverda, Wiemer and Checchi, Daniele and Marx, Ive and McKnight, Abigail and Tóth, István György and van de Werfhorst, Herman G.},
  booktitle   = {Changing Inequalities and Societal Impacts in Rich Countries: Thirty Countries' Experiences},
  publisher   = "Oxford University Press",
  address     = "Oxford",
  year        = 2014,
  pages       = {488-513}}

@collection{nolan2014changing,
  title={Changing inequalities and societal impacts in rich countries: thirty countries' experiences},
  author={Nolan, Brian and Salverda, Wiemer and Checchi, Daniele and Marx, Ive and McKnight, Abigail and T{\'o}th, Istv{\'a}n Gy{\"o}rgy and van de Werfhorst, Herman G},
  year={2014},
  publisher={Oxford University Press}
}

@article{mitrus2010,
author={Mitrus, L.},
title={Anti-Crisis Regulations of Polish Labour Law},
journal={European Labour Law Journal},
year={2010},
number={1(2)},
pages={269 ff.}}

@book{lewandowski2013employment,
author={Lewandowski, P. and Antosiewicz, M. and Baran, J. and Magda, I. and Potoczna, M. and Lis, M. and Tyrowicz, J. and Kaminska, A. and Hagemejer J. and Pogorzelski, K.},
title = {Employment in Poland 2012. Labour Market During the Recovery from the Crisis},
institution = {Human Resources Development Centre},
year = {2013},
}

@book{bargu2018,
author = {Bargu, A. and Morgandi, M.},
title = {Can Mothers Afford to Work in Poland: Labor Supply Incentives of Social Benefits and Childcare Costs},
publisher = {The World Bank},
year = {2018},
doi = {10.1596/1813-9450-8295},
}